@misc{Suresh,
author = {Sajja, Suresh},
title = {Cloneable Interface in Java},
month = November,
year = {2012},
howpublished = {\url{http://coderevisited.com/cloneable-interface-in-java/}}
}

@misc{Oracle,
author = {Oracle},
title = {Interface Cloneable},
howpublished = {\url{http://docs.oracle.com/javase/7/docs/api/java/lang/Cloneable.html}}
}

@misc{noAuthor1,
title = {Java Clone, Shallow Copy and Deep Copy},
month = September,
year = {2009},
howpublished = {\url{http://www.javaexperience.com/java-cloning-tutorial/}}
}

@misc{Joe,
author = {Joe},
title = {Java Clone, Shallow Copy and Deep Copy},
month = September,
year = {2009},
howpublished = {\url{http://javapapers.com/core-java/java-clone-shallow-copy-and-deep-copy/}}
}
